<record><leader>00000cas a22000007a 4500</leader><controlfield tag="001">27361872</controlfield><controlfield tag="008">930202d19911996azuwr ne      0   a0eng d</controlfield><datafield ind1=" " ind2=" " tag="010"><subfield code="a">sn 00060053 </subfield></datafield><datafield ind1=" " ind2=" " tag="040"><subfield code="a">AZU</subfield><subfield code="b">eng</subfield><subfield code="c">AZU</subfield><subfield code="d">ANN</subfield><subfield code="d">OCLCQ</subfield></datafield><datafield ind1=" " ind2=" " tag="043"><subfield code="a">n-us-az</subfield></datafield><datafield ind1="0" ind2=" " tag="130"><subfield code="a">Weekly bulletin (Sonoita, Ariz.)</subfield></datafield><datafield ind1="1" ind2="4" tag="245"><subfield code="a">The weekly bulletin.</subfield></datafield><datafield ind1=" " ind2=" " tag="260"><subfield code="a">Sonoita, Ariz. :</subfield><subfield code="b">Sonoita Financial Corp.</subfield></datafield><datafield ind1=" " ind2=" " tag="300"><subfield code="a">v. :</subfield><subfield code="b">ill.</subfield></datafield><datafield ind1=" " ind2=" " tag="310"><subfield code="a">Weekly</subfield></datafield><datafield ind1="0" ind2=" " tag="362"><subfield code="a">Vol. 1, no. 1 (Nov. 13, 1991)-v. 6, no. 52 (Dec. 25, 1996).</subfield></datafield><datafield ind1=" " ind2=" " tag="500"><subfield code="a">Serving Southeastern Arizona.</subfield></datafield><datafield ind1=" " ind2="0" tag="651"><subfield code="a">Patagonia (Ariz.)</subfield><subfield code="v">Newspapers.</subfield></datafield><datafield ind1=" " ind2="0" tag="651"><subfield code="a">Santa Cruz County (Ariz.)</subfield><subfield code="v">Newspapers.</subfield></datafield><datafield ind1=" " ind2="4" tag="651"><subfield code="a">Sonoita (Ariz.)</subfield><subfield code="v">Newspapers.</subfield></datafield><datafield ind1=" " ind2=" " tag="752"><subfield code="a">United States</subfield><subfield code="b">Arizona</subfield><subfield code="c">Santa Cruz</subfield><subfield code="d">Sonoita.</subfield></datafield><datafield ind1="0" ind2="0" tag="785"><subfield code="t">Southeastern weekly bulletin</subfield><subfield code="w">(DLC)sn 00060087</subfield></datafield></record>